<record><leader>00000cas a22000008i 4500</leader><controlfield tag="001">870155960</controlfield><controlfield tag="006">m     o  d        </controlfield><controlfield tag="007">cr |||||||||||</controlfield><controlfield tag="008">140207c20149999pauqr n o     |   a0eng  </controlfield><datafield ind1=" " ind2=" " tag="010"><subfield code="a">  2013207580</subfield></datafield><datafield ind1=" " ind2=" " tag="040"><subfield code="a">DLC</subfield><subfield code="c">DLC</subfield><subfield code="b">eng</subfield><subfield code="e">rda</subfield><subfield code="d">OCLCO</subfield></datafield><datafield ind1=" " ind2=" " tag="012"><subfield code="l">1</subfield></datafield><datafield ind1="0" ind2=" " tag="022"><subfield code="a">2333-6846</subfield><subfield code="2">1</subfield></datafield><datafield ind1=" " ind2=" " tag="037"><subfield code="b">Taylor &amp; Francis, 530 Walnut Street, Suite 850, Philadelphia, PA 19106</subfield></datafield><datafield ind1=" " ind2=" " tag="042"><subfield code="a">msc</subfield></datafield><datafield ind1="1" ind2="0" tag="050"><subfield code="a">ISSN RECORD</subfield></datafield><datafield ind1="0" ind2=" " tag="130"><subfield code="a">Journal of global information technology management (Online)</subfield></datafield><datafield ind1="1" ind2="0" tag="245"><subfield code="a">Journal of global information technology management.</subfield></datafield><datafield ind1="1" ind2=" " tag="246"><subfield code="a">JGITM</subfield></datafield><datafield ind1=" " ind2=" " tag="263"><subfield code="a">201404</subfield></datafield><datafield ind1=" " ind2="1" tag="264"><subfield code="a">Philadelphia, Pennsylvania :</subfield><subfield code="b">Routledge, Taylor &amp; Francis</subfield></datafield><datafield ind1=" " ind2=" " tag="310"><subfield code="a">Quarterly</subfield></datafield><datafield ind1=" " ind2=" " tag="336"><subfield code="a">text</subfield><subfield code="b">txt</subfield><subfield code="2">rdacontent</subfield></datafield><datafield ind1=" " ind2=" " tag="337"><subfield code="a">computer</subfield><subfield code="b">c</subfield><subfield code="2">rdamedia</subfield></datafield><datafield ind1=" " ind2=" " tag="338"><subfield code="a">online resource</subfield><subfield code="b">cr</subfield><subfield code="2">rdacarrier</subfield></datafield><datafield ind1="2" ind2=" " tag="710"><subfield code="a">Taylor &amp; Francis.</subfield></datafield><datafield ind1="0" ind2="8" tag="776"><subfield code="i">Print version:</subfield><subfield code="t">Journal of global information technology management</subfield><subfield code="x">1097-198X</subfield><subfield code="w">(DLC)   98657683</subfield><subfield code="w">(OCoLC)38047047</subfield></datafield><datafield ind1=" " ind2=" " tag="936"><subfield code="a">PREPUB: Publication expected: April 2014</subfield></datafield></record>